<?xml version="1.0" encoding="UTF-8"?><collection xmlns="http://www.loc.gov/MARC21/slim"><record><leader>00765nam--2200169-i-4500</leader><controlfield tag="001">000009991</controlfield><controlfield tag="002">20161230</controlfield><controlfield tag="005">20161230201028</controlfield><controlfield tag="008">060222s1000------------r-----000-0-eng-d</controlfield><datafield ind1=" " ind2=" " tag="040"><subfield code="a">IFIN-HH</subfield></datafield><datafield ind1=" " ind2=" " tag="080"><subfield code="a">669.14.018.8(061.3)</subfield></datafield><datafield ind1="1" ind2=" " tag="110"><subfield code="a">American Society For Testing And Materials</subfield></datafield><datafield ind1="1" ind2="0" tag="245"><subfield code="a">Elevated temperature properties as influenced by nitrogen additions to types 304 and 316 austenitic stainless steels</subfield><subfield code="b">A symposium presented at the seventy-second annual meeting american society for testing and materials atlantic cit, n.j., 22-27 june 1969</subfield><subfield code="c">J.j. heger (ed.)</subfield></datafield><datafield ind1=" " ind2=" " tag="260"><subfield code="a">Baltimore</subfield><subfield code="b">American Society For Testing And Materials</subfield><subfield code="c">1973</subfield></datafield><datafield ind1=" " ind2=" " tag="490"><subfield code="a">Astm Special Technical Publication</subfield><subfield code="v">No. 522</subfield></datafield><datafield ind1=" " ind2=" " tag="852"><subfield code="a">19807</subfield><subfield code="c">539.12.04</subfield></datafield><datafield ind1=" " ind2=" " tag="CAT"><subfield code="a">Sys</subfield><subfield code="c">20120206</subfield><subfield code="h">110309</subfield></datafield></record></collection>